
@online{TextView,
	ALTauthor = {author},
	ALTeditor = {editor},
	title = {\url{http://developer.android.com/reference/android/widget/TextView.html}, acessado em 13/05/2015},
	date = {11/05/2015},
	url = {http://developer.android.com/reference/android/widget/TextView.html},
}

@online{EditText,
	ALTauthor = {author},
	ALTeditor = {editor},
	title = {\url{http://developer.android.com/reference/android/widget/EditText.html}, acessado em 13/05/2015},
	date = {11/05/2015},
	url = {http://developer.android.com/reference/android/widget/EditText.html},
}

@online{Button,
	ALTauthor = {author},
	ALTeditor = {editor},
	title = {\url{http://developer.android.com/reference/android/widget/Button.html}, acessado em 13/05/2015},
	date = {11/05/2015},
	url = {http://developer.android.com/reference/android/widget/Button.html},
}

@online{WebService,
	ALTauthor = {author},
	ALTeditor = {editor},
	title = {\url{http://csharp-video-tutorials.blogspot.com.br/2013/11/part-1-introduction-to-aspnet-web.html}, acessado em 13/05/2015},
	date = {11/05/2015},
	url = {http://csharp-video-tutorials.blogspot.com.br/2013/11/part-1-introduction-to-aspnet-web.html}
}	




@book{wsbook,
	author = {Eric Newcomer},
	title = {Understanding Web Services: XML, WSDL, SOAP, and UDDI},
	date = {May 23, 2002},
	publisher = {Addison-Wesley Professional},
	edition = {First}
}

@online{httpclient,
	ALTauthor = {author},
	ALTeditor = {editor},
	title = {\url{http://developer.android.com/reference/android/net/http/AndroidHttpClient.html}, acessado em 13/05/2015},
	date = {13/05/2015},
	url = {http://developer.android.com/reference/android/net/http/AndroidHttpClient.html},
}

@online{asynctask,
	ALTauthor = {author},
	ALTeditor = {editor},
	title = {\url{http://developer.android.com/reference/android/os/AsyncTask.html}, acessado em 13/05/2015},
	date = {13/05/2015},
	url = {http://developer.android.com/reference/android/os/AsyncTask.html},
}
